<?xml version="1.0" encoding="UTF-8"?><collection xmlns="http://www.loc.gov/MARC21/slim"><record><leader>00437nam--2200145-i-4500</leader><controlfield tag="001">000042518</controlfield><controlfield tag="002">20161230</controlfield><controlfield tag="005">20161230201043</controlfield><controlfield tag="008">060222s1000------------r-----000-0-eng-d</controlfield><datafield ind1=" " ind2=" " tag="080"><subfield code="a">577.322</subfield></datafield><datafield ind1=" " ind2=" " tag="100"><subfield code="a">Spragg,S.I</subfield></datafield><datafield ind1=" " ind2=" " tag="245"><subfield code="a">The physical behaviour of macromolecules with biological functions</subfield></datafield><datafield ind1=" " ind2=" " tag="260"><subfield code="a">New York, John Wiley &amp; Sons, 1980. Xiii + 202 P</subfield></datafield><datafield ind1=" " ind2=" " tag="490"><subfield code="a">Monographs In Molecular Biophysics And Biochemistry</subfield></datafield><datafield ind1=" " ind2=" " tag="852"><subfield code="a">49031</subfield></datafield></record></collection>